
@article{Tang2019,
author = {Tang, Jing and Lakshmanan, Laks V.S. and Huang, Keke and Tang, Xueyan and Sun, Aixin and Xiao, Xiaokui and Lim, Andrew},
journal = {Proceedings of the ACM SIGMOD International Conference on Management of Data},
title = {{Efficient approximation algorithms for adaptive seed minimization}},
year = {2019}
}

@article{CVZ14,
  author    = {Chandra Chekuri and
               Jan Vondr{\'{a}}k and
               Rico Zenklusen},
  title     = {Submodular Function Maximization via the Multilinear Relaxation and Contention Resolution Schemes},
  journal   = {{SIAM} J. Comput.},
  year      = {2014},
}

@article{Calinescu11,
  author    = {Gruia C{\u{a}}linescu and
               Chandra Chekuri and
               Martin P{\'{a}}l and
               Jan Vondr{\'{a}}k},
  title     = {Maximizing a Monotone Submodular Function Subject to a Matroid Constraint},
  journal   = {{SIAM} J. Comput.},
  year      = {2011},
}

@article{Fujii2019,
author = {Fujii, Kaito and Sakaue, Shinsaku},
journal = {In Proceedings of the 36th International  Conference on Machine Learning, ICML},
title = {{Beyond Adaptive Submodularity: Approximation Guarantees of Greedy Policy with Adaptive Submodularity Ratio}},
year = {2019}
}

@article{Seeman2013,
author = {Seeman, Lior and Singer, Yaron},
journal = {Proceedings - Annual IEEE Symposium on Foundations of Computer Science, FOCS},
title = {{Adaptive seeding in social networks}},
year = {2013}
}

@article{Tong2017,
author = {Tong, Guangmo and Wu, Weili and Tang, Shaojie and Du, Ding Zhu},
journal = {IEEE/ACM Transactions on Networking},
title = {{Adaptive Influence Maximization in Dynamic Social Networks}},
year = {2017}
}

@article{Peng2019,
  author    = {Binghui Peng and
               Wei Chen},
  title     = {Adaptive Influence Maximization with Myopic Feedback},
journal = {Advances in Neural Information Processing Systems 32: Annual Conference
               on Neural Information Processing System, NeurIPS},
  year      = {2019},

}

@article{Han2018a,
author = {Han, Kai and Huang, Keke and Xiao, Xiaokui and Tang, Jing and Sun, Aixin and Tang, Xueyan},
journal = {Proceedings of the VLDB Endowment},
title = {{Efficient algorithms for adaptive influence maximization}},
year = {2018}
}

@article{Chen2019,
  author    = {Wei Chen and
               Binghui Peng},
  title     = {On Adaptivity Gaps of Influence Maximization Under the Independent Cascade Model with Full-Adoption Feedback},
 journal = {30th International Symposium on Algorithms and Computation, ISAAC},
  year      = {2019},
}

@article{Gupta2016,
author = {Gupta, Anupam and Nagarajan, Viswanath and Singla, Sahil},
journal = {Proceedings of the twenty-seventh annual ACM-SIAM symposium on Discrete algorithms, SODA},
title = {{Algorithms and Adaptivity Gaps for Stochastic Probing}},
year = {2016}
}

@article{Gupta2017,
author = {Gupta, Anupam and Nagarajan, Viswanath and Singla, Sahil},
journal = {Proceedings of the Annual ACM-SIAM Symposium on Discrete Algorithms, SODA},
title = {{Adaptivity gaps for stochastic probing: Submodular and XOS functions}},
year = {2017}
}

@article{Domingos2001,
author = {Domingos, Pedro and Richardson, Matt},
journal = {Proceedings of the Seventh ACM SIGKDD International Conference on Knowledge Discovery and Data Mining},
title = {{Mining the network value of customers}},
year = {2001}
}

@article{Badanidiyuru2016,
author = {Badanidiyuru, Ashwinkumar and Papadimitriou, Christos and Rubinstein, Aviad and Seeman, Lior and Singer, Yaron},
journal = {Proceedings of the Annual ACM-SIAM Symposium on Discrete Algorithms, SODA},
title = {{Locally adaptive optimization: Adaptive seeding for monotone submodular functions}},
year = {2016}
}

@article{Golovin2011a,
author = {Golovin, Daniel and Krause, Andreas},
journal = {Journal of Artificial Intelligence Research},
title = {{Adaptive submodularity: Theory and applications in active learning and stochastic optimization}},
year = {2011}
}


@inproceedings{Tong2015,
author = {Tong, Guangmo and Wang, Ruiqi and Dong, Zheng and Li, Xiang},
booktitle = {arXiv: 2001.01742v2},
title = {{Time-constrained Adaptive Influence Maximization}},
year = {2020}
}

@article{Rubinstein2015,
author = {Rubinstein, Aviad and Seeman, Lior and Singer, Yaron},
journal = {Proceedings of the 2015 ACM Conference on Economics and Computation, EC},
title = {{Approximability of adaptive seeding under knapsack constraints}},
year = {2015}
}

@article{Bradac2019,
author = {Bradac, Domagoj and Singla, Sahil and Zuzic, Goran},
journal = {arXiv: 1902.01461},
title = {{(Near) Optimal Adaptivity Gaps for Stochastic Multi-Value Probing}},
year = {2019}
}

@inproceedings{Chen2019a,
author = {Chen, Wei and Peng, Binghui and Schoenebeck, Grant and Tao, Biaoshuai},
booktitle = {The Thirty-Fourth {AAAI} Conference on Artificial Intelligence, AAAI},
title = {{Adaptive Greedy versus Non-adaptive Greedy for Influence Maximization}},
year = {2020}
}

@article{Lowalekar2016,
author = {Lowalekar, Meghna and Varakantham, Pradeep and Kumar, Akshat},
journal = {Proceedings of the International Joint Conference on Autonomous Agents and Multiagent Systems, AAMAS},
title = {{Robust influence Maximization}},
year = {2016}
}

@article{Yuan2017,
author = {Yuan, Jing and Tang, Shaojie},
journal = {IJCAI International Joint Conference on Artificial Intelligence},
title = {{No time to observe: Adaptive influence maximization with partial feedback}},
year = {2017}
}

@inproceedings{Schoenebeck2019,
  author    = {Grant Schoenebeck and
               Biaoshuai Tao},
  title     = {Influence Maximization on Undirected Graphs: Towards Closing the (1-1/e)
               Gap},
  booktitle = {Proceedings of the 2019 {ACM} Conference on Economics and Computation, EC},
  year      = {2019},
}

@article{Tong2019,
author={Tong, Guangmo and Wang, Ruiqi}, 
journal={IEEE Transactions on Emerging Topics in Computing},  
title={On Adaptive Influence Maximization Under General Feedback Models}, 
year={2022}
}


@article{Hatano2016,
author = {Hatano, Daisuke and Fukunaga, Takuro and Kawarabayashi, Ken Ichi},
journal = {International Joint Conference on Artificial Intelligence, IJCAI},
title = {{Adaptive budget allocation for maximizing influence of advertisements}},
year = {2016}
}

@article{Singer2016,
author = {Singer, Yaron},
journal = {ACM SIGecom Exchanges},
title = {{Influence maximization through adaptive seeding}},
year = {2016}
}

@article{Tang2014,
author = {Tang, Youze and Xiao, Xiaokui and Shi, Yanchen},
journal = {SIGMOD '14: Proceedings of the 2014 ACM SIGMOD International Conference on Management of Data},
title = {{Influence Maximization : Near-Optimal Time Complexity Meets Practical Efficiency}},
year = {2014}
}


@article{Salha2018,
author = {Salha, Guillaume and Tziortziotis, Nikolaos and Vazirgiannis, Michalis},
journal = {Proceedings of the 2018 IEEE/ACM International Conference on Advances in Social Networks Analysis and Mining, ASONAM},
title = {{Adaptive submodular influence maximization with myopic feedback}},
year = {2018}
}

@article{Sun2018,
author = {Sun, Lichao and Huang, Weiran and Yu, Philip S. and Chen, Wei},
journal = {Proceedings of the ACM SIGKDD International Conference on Knowledge Discovery and Data Mining},
title = {{Multi-round influence maximization}},
year = {2018}
}

@book{DBLP:series/synthesis/2013Chen,
  author    = {Wei Chen and
               Laks V. S. Lakshmanan and
               Carlos Castillo},
  title     = {Information and Influence Propagation in Social Networks},
  series    = {Synthesis Lectures on Data Management},
}

@INPROCEEDINGS {7403743,
author = {S. Mihara and S. Tsugawa and H. Ohsaki},
booktitle = {2015 IEEE/ACM International Conference on Advances in Social Networks Analysis and Mining, ASONAM},
title = {Influence maximization problem for unknown social networks},
year = {2015},
}

@article{Vaswani2016,
  author    = {Sharan Vaswani and
               Laks V. S. Lakshmanan},
  title     = {Adaptive Influence Maximization in Social Networks: Why Commit when
               You can Adapt?},
  journal   = {CoRR},
  volume = {abs/1604.08171},
  year      = {2016},
}

@article{Asadpour16,
  author    = {Arash Asadpour and
               Hamid Nazerzadeh},
  title     = {Maximizing Stochastic Monotone Submodular Functions},
  journal   = {Management Science},
  year      = {2016},
}

@article{Li2018,
  author={Y. {Li} and J. {Fan} and Y. {Wang} and K. {Tan}},
  journal={IEEE Transactions on Knowledge and Data Engineering},
  title={Influence Maximization on Social Graphs: A Survey},
  year={2018},
}

@inproceedings{Richardson2002,
  author    = {Matthew Richardson and
               Pedro M. Domingos},
  title     = {Mining knowledge-sharing sites for viral marketing},
  booktitle = {Proceedings of the Eighth {ACM} {SIGKDD} International Conference
               on Knowledge Discovery and Data Mining},
  year      = {2002},
}

@inproceedings{Leskovec2007,
  author    = {Jure Leskovec and
               Andreas Krause and
               Carlos Guestrin and
               Christos Faloutsos and
               Jeanne M. VanBriesen and
               Natalie S. Glance},
  title     = {Cost-effective outbreak detection in networks},
  booktitle = {Proceedings of the 13th {ACM} {SIGKDD} International Conference on
               Knowledge Discovery and Data Mining},
  year      = {2007},

}

@inproceedings{Chen10,
  author    = {Wei Chen and
               Chi Wang and
               Yajun Wang},
  title     = {Scalable influence maximization for prevalent viral marketing in large-scale
               social networks},
  booktitle = {Proceedings of the 16th {ACM} {SIGKDD} International Conference on
               Knowledge Discovery and Data Mining},
  year      = {2010},
}

@inproceedings{Goldberg2013,
  author    = {Sharon Goldberg and
               Zhenming Liu},
  title     = {The Diffusion of Networking Technologies},
  booktitle = {Proceedings of the Twenty-Fourth Annual {ACM-SIAM} Symposium on Discrete
               Algorithms, SODA},
  year      = {2013},
}

@inproceedings{Borgs2014,
  author    = {Christian Borgs and
               Michael Brautbar and
               Jennifer T. Chayes and
               Brendan Lucier},
  title     = {Maximizing Social Influence in Nearly Optimal Time},
  booktitle = {Proceedings of the Twenty-Fifth Annual {ACM-SIAM} Symposium on Discrete
               Algorithms, SODA},
  year      = {2014},
}

@inproceedings{Kempe2003,
  author    = {David Kempe and
               Jon Kleinberg and
               {\'{E}}va Tardos},
  title     = {Maximizing the spread of influence through a social network},
  booktitle = {Proceedings of the Ninth {ACM} {SIGKDD} International Conference on
               Knowledge Discovery and Data Mining},
  year      = {2003},
}






@inproceedings{Bradac19,
  author    = {Domagoj Bradac and
               Sahil Singla and
               Goran Zuzic},
  title     = {(Near) Optimal Adaptivity Gaps for Stochastic Multi-Value Probing},
  booktitle = {Approximation, Randomization, and Combinatorial Optimization. Algorithms
               and Techniques, APPROX/RANDOM},
  year      = {2019},
}

@article{Huang2020,
author = {Keke Huang and Jing Tang and Kai Han and Xiaokui Xiao and Wei Chen 
          and Aixin Sun and Xueyan Tang and Andrew Lim},
title = {Efficient approximation algorithms for adaptive influence 
         maximization},
 journal={The VLDB Journal},
 year={2020},
}

@inproceedings{DBLP:conf/wine/AsadpourNS08,
  author    = {Arash Asadpour and
               Hamid Nazerzadeh and
               Amin Saberi},

  title     = {Stochastic Submodular Maximization},
  booktitle = {Internet and Network Economics, 4th International Workshop, WINE},
  year      = {2008},
}

@inproceedings{DBLP:conf/ciac/HellersteinKL15,
  author    = {Lisa Hellerstein and
               Devorah Kletenik and
               Patrick Lin},

  title     = {Discrete Stochastic Submodular Maximization: Adaptive vs. Non-adaptive
               vs. Offline},
  booktitle = {Algorithms and Complexity - 9th International Conference, CIAC},
  year      = {2015},
}

@article{DBLP:journals/corr/abs-1803-07639,
  author    = {Srinivasan Parthasarathy},
  title     = {An analysis of the Greedy Algorithm for Stochastic Set Cover},
  journal   = {CoRR},
  volume    = {abs/1803.07639},
  year      = {2018},
}

@inproceedings{DBLP:conf/icml/GuilloryB10,
  author    = {Andrew Guillory and
               Jeff A. Bilmes},
  title     = {Interactive Submodular Set Cover},
  booktitle = {Proceedings of the 27th International Conference on Machine Learning, ICML},
  year      = {2010},
}

@article{DBLP:journals/mor/DeanGV08,
  author    = {Brian C. Dean and
               Michel X. Goemans and
               Jan Vondr{\'{a}}k},
  title     = {Approximating the Stochastic Knapsack Problem: The Benefit of Adaptivity},
  journal   = {Math. Oper. Res.},
  year      = {2008},
}

@inproceedings{DBLP:conf/latin/GoemansV06,
  author    = {Michel X. Goemans and
               Jan Vondr{\'{a}}k},

  title     = {Stochastic Covering and Adaptivity},
  booktitle = {Theoretical Informatics, 7th Latin American Symposium, LATIN},
  year      = {2006},
}

@inproceedings{DBLP:conf/soda/DeanGV05,
  author    = {Brian C. Dean and
               Michel X. Goemans and
               Jan Vondr{\'{a}}k},
  title     = {Adaptivity and approximation for stochastic packing problems},
  booktitle = {Proceedings of the Sixteenth Annual {ACM-SIAM} Symposium on Discrete
               Algorithms, SODA},
  year      = {2005},
}

@article{DBLP:journals/mor/ChanF09,
  author    = {Carri W. Chan and
               Vivek F. Farias},
  title     = {Stochastic Depletion Problems: Effective Myopic Policies for a Class
               of Dynamic Optimization Problems},
  journal   = {Math. Oper. Res.},

  year      = {2009},
}

@inproceedings{DBLP:conf/stacs/AdamczykSW14,
  author    = {Marek Adamczyk and
               Maxim Sviridenko and
               Justin Ward},
  title     = {Submodular Stochastic Probing on Matroids},
  booktitle = {31st International Symposium on Theoretical Aspects of Computer Science, STACS},
  year      = {2014},
}

@inproceedings{Cohen14,
  author    = {Edith Cohen and
               Daniel Delling and
               Thomas Pajor and
               Renato F. Werneck},
  title     = {Sketch-based Influence Maximization and Computation: Scaling up with
               Guarantees},
  booktitle = {Proceedings of the 23rd {ACM} International Conference on Conference
               on Information and Knowledge Management, CIKM},
  year      = {2014}
}



@inproceedings{Goyal11,
  author    = {Amit Goyal and
               Wei Lu and
               Laks V. S. Lakshmanan},
  title     = {{CELF++:} optimizing the greedy algorithm for influence maximization
               in social networks},
  booktitle = {Proceedings of the 20th International Conference on World Wide Web, WWW},
  year      = {2011}

}




@inproceedings{Nguyen16,
  author    = {Hung T. Nguyen and
               My T. Thai and
               Thang N. Dinh},
  title     = {Stop-and-Stare: Optimal Sampling Algorithms for Viral Marketing in
               Billion-scale Networks},
  booktitle = {Proceedings of the 2016 International Conference on Management of
               Data, SIGMOD},
  year      = {2016}

}




@inproceedings{Tang15,
  author    = {Youze Tang and
               Yanchen Shi and
               Xiaokui Xiao},
  title     = {Influence Maximization in Near-Linear Time: {A} Martingale Approach},
  booktitle = {Proceedings of the 2015 {ACM} {SIGMOD} International Conference on
               Management of Data},
  year      = {2015}
}





@article{Igarashi2017,
archivePrefix = {arXiv},
arxivId = {1712.02712},
author = {Igarashi, Ayumi and Bredereck, Robert and Peters, Dominik and Elkind, Edith},
title = {{Group Activity Selection on Social Networks}},
year = {2017}
}



@article{Bharathi2007,
author = {Bharathi, Shishir and Kempe, David and Salek, Mahyar},
journal = {Lecture Notes in Computer Science (including subseries Lecture Notes in Artificial Intelligence and Lecture Notes in Bioinformatics)},
title = {{Competitive influence maximization in social networks}},
year = {2007}
}

@article{Clifford1973,
author = {Clifford, Peter and Sudbury, Aidan},
journal = {Biometrika},
title = {{A model for spatial conflict}},
year = {1973}
}


@article{Chen2013a,
author = {Chen, Yuxin and Krause, Andreas},
journal = {30th International Conference on Machine Learning, ICML 2013},
title = {{Near-optimal batch mode active learning and adaptive submodular optimization}},
year = {2013}
}


@article{Guo2019,
archivePrefix = {arXiv},
arxivId = {1907.07759},
author = {Guo, Bin and Ding, Yasan and Sun, Yueheng and Ma, Shuai and Li, Ke},
title = {{The Mass, Fake News, and Cognition Security}},
year = {2019}
}



@article{Hatano2016,
author = {Hatano, Daisuke and Fukunaga, Takuro and Kawarabayashi, Ken Ichi},
journal = {International Joint Conference on Artificial Intelligence, IJCAI},
title = {{Adaptive budget allocation for maximizing influence of advertisements}},
year = {2016}
}


@article{Tantipathananandh2007,
author = {Tantipathananandh, Chayant and Berger-Wolf, Tanya and Kempe, David},
journal = {Proceedings of the ACM SIGKDD International Conference on Knowledge Discovery and Data Mining},
title = {{A framework for community identification in dynamic social networks}},
year = {2007}
}


@article{Cautis2019,
author = {Cautis, Bogdan and Maniu, Silviu and Tziortziotis, Nikolaos},
title = {{Adaptive Influence Maximization}},
year = {2019}
}


@article{Han2018,
author = {Han, Kai and Huang, Keke and Xiao, Xiaokui and Tang, Jing and Sun, Aixin and Tang, Xueyan},
journal = {Proceedings of the VLDB Endowment},
title = {{Efficient algorithms for adaptive influence maximization}},
year = {2018}
}


@article{Kempe2015,
author = {Kempe, David and Kleinberg, Jon and Tardos, {\'{E}}va},
journal = {Theory of Computing},
title = {{Maximizing the spread of influence through a social network}},
year = {2015}
}


@article{Chen2011,
author = {Chen, Wei},
title = {{Influence Maximization in Social Networks When Negative Opinions May Emerge and Propagate ∗ Microsoft Research Technical Report † October 2010}},
year = {2011}
}



@article{Goyal2011a,
author = {Goyal, Amit and Lu, Wei and Lakshmanan, Laks V.S.},
journal = {Proceedings of the 20th International Conference Companion on World Wide Web, WWW},
title = {{CELF++: Optimizing the greedy algorithm for influence maximization in social networks}},
year = {2011}
}



@article{Goldenberg2001,
author = {Goldenberg, Jacob and Libai, Barak and Muller, Eitan},
journal = {Academy of Marketing Science Review},
title = {{Using complex systems analysis to advance marketing theory development: Modeling heterogeneity effects on new product growth through stochastic cellular automata}},
year = {2001}
}


@article{Pei2019,
archivePrefix = {arXiv},
arxivId = {arXiv:1907.13017v2},
author = {Pei, Sen and Wang, Jiannan and Morone, Flaviano and Makse, Hern{\'{a}}n A},
journal = {Journal of Complex Networks},
title = {{Influencer identification in dynamical complex systems}},
year = {2019}
}


@article{Igarashi2017a,
author = {Igarashi, Ayumi and Elkind, Edith and Bredereck, Robert},
journal = {Proceedings of the International Joint Conference on Autonomous Agents and Multiagent Systems, AAMAS},
title = {{On parameterized complexity of group activity selection problems on social networks}},
year = {2017}
}


@article{Morf2005,
author = {Morf, Carolyn C.},
journal = {Self and Identity},
title = {{Editorial: Affirming the Self, as Construct and Journal}},
year = {2005}
}


@article{Granovetter2007,
author = {Granovetter, Mark and American, The and May, No and Granovetter, Mark},
title = {{Threshold Models of Collective Behavior Threshold Models of Collective Behavior '}},
year = {2007}
}


@article{Ali2019,
archivePrefix = {arXiv},
arxivId = {1905.06618},
author = {Ali, Junaid and Babaei, Mahmoudreza and Chakraborty, Abhijnan and Mirzasoleiman, Baharan and Gummadi, Krishna P. and Singla, Adish},
title = {{On the Fairness of Time-Critical Influence Maximization in Social Networks}},
year = {2019}
}


@article{Rahwan2015,
author = {Rahwan, Talal and Michalak, Tomasz P. and Wooldridge, Michael and Jennings, Nicholas R.},
journal = {Artificial Intelligence},
title = {{Coalition structure generation: A survey}},
year = {2015}
}


@article{Barbieri2012,
author = {Barbieri, Nicola and Bonchi, Francesco and Manco, Giuseppe},
journal = {2012 IEEE 12th International Conference on Data Mining},
title = {{Topic-Aware Social Influence Propagation Models}},
year = {2012}
}



@article{Brede2019,
author = {Brede, Markus},
journal = {Complexity},
title = {{How Does Active Participation Affect Consensus: Adaptive Network Model of Opinion Dynamics and Influence Maximizing Rewiring}},
year = {2019}
}


@article{Garimella2017,
author = {Garimella, Kiran and Gionis, Aristides and Parotsidis, Nikos and Tatti, Nikolaj},
journal = {Advances in Neural Information Processing Systems, NIPS},
title = {{Balancing information exposure in social networks}},
year = {2017}
}



@misc{Iacobucci2014,
author = {Iacobucci, Dawn and Krackhardt, David},
journal = {Networks in Marketing},
title = {{Structural Leverage in Marketing}},
year = {2014}
}


@article{Huyuk,
archivePrefix = {arXiv},
arxivId = {arXiv:1907.04201v1},
author = {H{\"{u}}y{\"{u}}k, Alihan and Tekin, Cem},
title = {{Thompson Sampling for Combinatorial Network Optimization in Unknown Environments}}
}



@article{Gomez-Rodriguez2011,
author = {Gomez-Rodriguez, Manuel and Balduzzi, David and Schölkopf, Bernhard},
journal = {Proceedings of the 28th International Conference on Machine Learning, ICML},
title = {{Uncovering the temporal dynamics of diffusion networks}},
year = {2011}
}


@article{Chen2013,
author = {Chen, Wei and Wang, Yajun and Yuan, Y},
journal = {Proceedings of the 30th {\ldots}},
title = {{Combinatorial Multi-Armed Bandit: General Framework and Applications}},
year = {2013}
}


@article{Goyal2010,
author = {Goyal, Amit and Bonchi, Francesco and Lakshmanan, Laks V.S.},
journal = {Proceedings of the 3rd ACM International Conference on Web Search and Data Mining, WSDM},
title = {{Learning influence probabilities in social networks}},
year = {2010}
}


@article{Pham2019,
author = {Pham, Canh V. and Duong, Hieu V. and Hoang, Huan X. and Thai, My T.},
journal = {Applied Sciences (Switzerland)},
title = {{Competitive influence maximization within time and budget constraints in online social networks: An algorithmic approach}},
year = {2019}
}


@article{Company1978,
author = {Nemhauser, G.L. and Wolsey, L.A.},
journal = {Mathematical Programming},
title = {{An Analysis of Approximations for Maximizing Submodular Set Functions-I}},
year = {1978}
}


@article{Asadpour2008,
author = {Asadpour, Arash and Nazerzadeh, Hamid and Saberi, Amin},
journal = {Lecture Notes in Computer Science (including subseries Lecture Notes in Artificial Intelligence and Lecture Notes in Bioinformatics)},
title = {{Stochastic submodular maximization}},
year = {2008}
}



@article{Even-Dar2007,
author = {Even-Dar, Eyal and Shapira, Asaf},
journal = {Proceedings of the 3rd international conference on Internet and network economics, WINE},
title = {{A Note on Maximizing the Spread of Influence}},
year = {2007}
}


@article{Tang2013a,
author = {Tang, Jie and Wu, Sen and Sun, Jimeng},
journal = {Proceedings of the ACM SIGKDD International Conference on Knowledge Discovery and Data Mining},
title = {{Confluence: Conformity influence in large social networks}},
year = {2013}
}



@article{Leskovec2007a,
author = {Leskovec, Jure and Krause, Andreas and Guestrin, Carlos and Faloutsos, Christos and Vanbriesen, Jeanne and Glance, Natalie},
journal = {Proceedings of the ACM SIGKDD International Conference on Knowledge Discovery and Data Mining},
title = {{Cost-effective outbreak detection in networks}},
year = {2007}
}


@article{J.2001,
author = {J., Goldenberg and B., Libai and E., Muller},
journal = {Marketing Letters},
title = {{Talk of the Network: A Complex Systems Look at the Underlying Process of Word-of-Mouth}},
year = {2001}
}



@article{Vondr2010,
author = {Vondrak, Jan},
title = {{Continuous extensions of submodular functions}},
year = {2010}
}


@article{Budak2011,
author = {Budak, Ceren and Agrawal, Divyakant and Abbadi, Amr El},
journal = {Proceedings of the 20th International Conference on World Wide Web, WWW 2011},
title = {{Limiting the spread of misinformation in social networks}},
year = {2011}
}


@article{Yin2009,
archivePrefix = {arXiv},
arxivId = {arXiv:0908.2788v3},
author = {Yin, Yan and Ahn, HS},
title = {{The role of cost modeling in competitive bid procurement}},
year = {2009}
}



@article{Granovetter1978,
author = {Granovetter, Mark},
journal = {American Journal of Sociology},
title = {{Threshold Models of Collective Behavior}},
year = {1978}
}



@article{Ye2012,
author = {Ye, Mao and Liu, Xingjie and Lee, Wang Chien},
journal = {Proceedings of the International ACM SIGIR Conference on Research and Development in Information Retrieval, SIGIR},
title = {{Exploring social influence for recommendation - A generative model approach}},
year = {2012}
}


@article{Tang2013,
author = {Tang, Jie and Wu, Sen and Sun, Jimeng},
journal = {Proceedings of the ACM SIGKDD International Conference on Knowledge Discovery and Data Mining},
title = {{Confluence: Conformity influence in large social networks}},
year = {2013}
}


@article{Saito2008,
author = {Saito, Kazumi and Nakano, Ryohei and Kimura, Masahiro},
journal = {Lecture Notes in Computer Science (including subseries Lecture Notes in Artificial Intelligence and Lecture Notes in Bioinformatics)},
title = {{Prediction of information diffusion probabilities for independent cascade model}},
year = {2008}
}



@article{He2012,
author = {He, Xinran and Song, Guojie and Chen, Wei and Jiang, Qingye},
journal = {Proceedings of the 12th SIAM International Conference on Data Mining, SDM 2012},
title = {{Influence blocking maximization in social networks under the competitive linear threshold model}},
year = {2012}
}

@article{Xie2015,
author = {Xie, Miao and Yang, Qiusong and Wang, Qing and Cong, Gao and {De Melo}, Gerard},
journal = {Proceedings of the National Conference on Artificial Intelligence},
title = {{DynaDiffuse: A dynamic diffusion model for continuous time constrained influence maximization}},
year = {2015}
}


@article{chen,
author = {Chen, Wei and Yuan, Yifei and Zhang, Li},
journal = {Proceedings - IEEE International Conference on Data Mining, ICDM},
title = {{Scalable influence maximization in social networks under the linear threshold model}},
year = {2010}
}

@article{Gilbert1959,
  author = {Gilbert, E. N.},
  journal = {Annals of Mathematical Statistics},
  title = {Random Graphs},
  year = 1959
}


@article{erdos59a,
  author = {Erd\"{o}s, P. and R\'{e}nyi, A.},
  journal = {Publicationes Mathematicae Debrecen},
  title = {On Random Graphs, I},
  volume = 6,
  year = 1959
}


@inproceedings{DBLP:conf/kdd/ChenWY09,
  author    = {Wei Chen and
               Yajun Wang and
               Siyu Yang},
  title     = {Efficient influence maximization in social networks},
  booktitle = {Proceedings of the 15th {ACM} {SIGKDD} International Conference on
               Knowledge Discovery and Data Mining},
               year ={2009},
}


@inproceedings{DBLP:conf/kdd/WangCSX10,
  author    = {Yu Wang and
               Gao Cong and
               Guojie Song and
               Kunqing Xie},
  title     = {Community-based greedy algorithm for mining top-K influential nodes
               in mobile social networks},
  booktitle = {Proceedings of the 16th {ACM} {SIGKDD} International Conference on
               Knowledge Discovery and Data Mining},
  year      = {2010},
}


@inproceedings{DBLP:conf/cikm/ChengSHZC13,
  author    = {Suqi Cheng and
               Huawei Shen and
               Junming Huang and
               Guoqing Zhang and
               Xueqi Cheng},
  title     = {StaticGreedy: solving the scalability-accuracy dilemma in influence
               maximization},
  booktitle = {22nd {ACM} International Conference on Information and Knowledge Management,
               CIKM},
  year      = {2013},
}



@inproceedings{DBLP:conf/aaai/OhsakaAYK14,
  author    = {Naoto Ohsaka and
               Takuya Akiba and
               Yuichi Yoshida and
               Ken{-}ichi Kawarabayashi},
  title     = {Fast and Accurate Influence Maximization on Large Networks with Pruned
               Monte-Carlo Simulations},
  booktitle = {Proceedings of the Twenty-Eighth Conference on Artificial Intelligence, AAAI},
  year      = {2014},
}

@article{Vazirani,
  author    = {Vijay V. Vazirani},
  title     = {Approximation algorithms},
  journal = {Springer},
  year      = {2002},
}

@inproceedings{Nguyen,
author = {Nguyen, Hung T. and Thai, My T. and Dinh, Thang N.},
title = {Stop-and-Stare: Optimal Sampling Algorithms for Viral Marketing in Billion-Scale Networks},
year = {2016},
booktitle = {Proceedings of the 2016 International Conference on Management of Data},
}

@article{Huang,
author = {Huang, Keke and Wang, Sibo and Bevilacqua, Glenn and Xiao, Xiaokui and Lakshmanan, Laks V. S.},
title = {Revisiting the Stop-and-Stare Algorithms for Influence Maximization},
year = {2017},
journal = {Proc. VLDB Endow.},
}


@article{barabasi,
author = {Albert-László Barabási  and Réka Albert },
title = {Emergence of Scaling in Random Networks},
journal = {Science},
year = {1999},
}


@article{watts,
       author = {{Watts}, Duncan J. and {Strogatz}, Steven H.},
        title = "{Collective dynamics of `small-world' networks}",
      journal = {Nature},
         year = {1998},
}

@article{TANG2021249,
title = {Beyond pointwise submodularity: Non-monotone adaptive submodular maximization in linear time},
journal = {Theoretical Computer Science},
year = {2021},
author = {Shaojie Tang},
}


@inproceedings{buchbinder,
author = {Buchbinder, Niv and Feldman, Moran and Naor, Joseph (Seffi) and Schwartz, Roy},
title = {Submodular Maximization with Cardinality Constraints},
year = {2014},
booktitle = {Proceedings of the Twenty-Fifth Annual ACM-SIAM Symposium on Discrete Algorithms, SODA},
}


@inproceedings{gotovos,
author = {Gotovos, Alkis and Karbasi, Amin and Krause, Andreas},
title = {Non-Monotone Adaptive Submodular Maximization},
year = {2015},
booktitle = {Proceedings of the 24th International Conference on Artificial Intelligence, IJCAI},
}

@inproceedings{amanatidis,
author = {Amanatidis, Georgios and Fusco, Federico and Lazos, Philip and Leonardi, Stefano and Reiffenh\"{a}user, Rebecca},
title = {Fast Adaptive Non-Monotone Submodular Maximization Subject to a Knapsack Constraint},
year = {2020},
booktitle = {Proceedings of the 34th International Conference on Neural Information Processing Systems, NIPS},
}

@book{norris,
title={Markov Chains}, 
publisher={Cambridge University Press},
author={Norris, James R.}, 
year={1997},
}


@inproceedings{ChenIKMR09,
  author    = {Ning Chen and Nicole Immorlica and Anna R. Karlin and Mohammad Mahdian and Atri Rudra},
  title     = {Approximating Matches Made in Heaven},
  booktitle = {Proceedings of the 36th International on Automata, Languages and Programming, ICALP},
  pages     = {266--278},
  year      = {2009},
}

@article{sahil,
author = {Gupta, Anupam and Nagarajan, Viswanath and Singla, Sahil},
journal = {Proceedings of the twenty-seventh annual ACM-SIAM symposium on Discrete algorithms, SODA},
title = {Algorithms and Adaptivity Gaps for Stochastic Probing},
year = {2016},
}

@inproceedings{AdamczykGM15,
  author    = {Marek Adamczyk and Fabrizio Grandoni and Joydeep Mukherjee},
  title     = {Improved Approximation Algorithms for Stochastic Matching},
  booktitle = {Proceedings of the 23rd European Symposium on Algorithms (ESA)},
  pages     = {1--12},
  year      = {2015},
}


@article{Xin,
title = {An adaptive algorithm for maximization of non-submodular function with a matroid constraint},
journal = {Journal of Industrial and Management Optimization},
year = {2023},
author = {Xin Sun and Dachuan Xu and Dongmei Zhang and Yang Zhou},
}




@inproceedings{DAngelo,
  author    = {Gianlorenzo D'Angelo and
               Debashmita Poddar and
               Cosimo Vinci},
  title     = {Better Bounds on the Adaptivity Gap of Influence Maximization under
               Full-adoption Feedback},
  booktitle = {Thirty-Fifth {AAAI} Conference on Artificial Intelligence, AAAI},
  year      = {2021},
}




@inproceedings{DAngeloPV21,
  author    = {Gianlorenzo D'Angelo and
               Debashmita Poddar and
               Cosimo Vinci},
  title     = {Improved Approximation Factor for Adaptive Influence Maximization
               via Simple Greedy Strategies},
  booktitle = {48th International Colloquium on Automata, Languages, and Programming,
               ICALP},
  year      = {2021},
}

@inproceedings{gupta13,
author = {Gupta, Anupam and Nagarajan, Viswanath},
title = {A Stochastic Probing Problem with Applications},
year = {2013},
booktitle = {Proceedings of the 16th International Conference on Integer Programming and Combinatorial Optimization, IPCO},

}


@inproceedings{kempe05,
author = {Kempe, David and Kleinberg, Jon and Tardos, \'{E}va},
title = {Influential Nodes in a Diffusion Model for Social Networks},
year = {2005},
booktitle = {Proceedings of the 32nd International Conference on Automata, Languages and Programming, ICALP},
}

@article{Mossel,
author = {Mossel, Elchanan and Roch, Sebastien},
title = {Submodularity of Influence in Social Networks: From Local to Global},
journal = {SIAM Journal on Computing},
year = {2010},
}

@article{brown,
    author = {Brown, Jacqueline Johnson and Reingen, Peter H.},
    title = "{Social Ties and Word-of-Mouth Referral Behavior}",
    journal = {Journal of Consumer Research},
    year = {1987},
}

@article{golovin2011,
  author    = {Daniel Golovin and
               Andreas Krause},
  title     = {Adaptive Submodularity: {A} New Approach to Active Learning and Stochastic
               Optimization},
  journal   = {CoRR},
  volume    = {abs/1003.3967},
  year      = {2017},
}

@article{guo,
author = {Guo, Jianxiong and Wu, Weili},
title = {Adaptive Influence Maximization: If Influential Node Unwilling to Be the Seed},
year = {2021},
journal = {ACM Trans. Knowl. Discov. Data},
}

@ARTICLE{drchen, 
author={Chen, Wei and Wu, Ruihan and Yu, Zheng},  
journal={IEEE Transactions on Computational Social Systems},  
title={Scalable Lattice Influence Maximization},  
year={2020}, 
}

@article{milgram,
  author = {Milgram, Stanley},
  journal = {Psychology Today},
  title = {The {Small}-{World} {Problem}},
  year = 1967
}

@article{nemhauser,
author = {G. Cornuejols, M. Fisher, G. Nemhauser},
title ={Location of Bank Accounts to Optimize Float},
journal ={Management Science}, 
year =1977,
}

@article{AIJ,
  author    = {Gianlorenzo D'Angelo, Debashmita Poddar, Cosimo Vinci},
  title     = {Better bounds on the Adaptivity Gap of Influence Maximization under Full-Adoption feedback},
  journal   = {Artificial Intelligence (AI) Journal},
  year      = {To appear},
}